%YAML 1.1
%TAG !u! tag:unity3d.com,2011:
--- !u!143 &8612958562027795312
CharacterController:
  m_ObjectHideFlags: 0
  m_CorrespondingSourceObject: {fileID: 0}
  m_PrefabInstance: {fileID: 0}
  m_PrefabAsset: {fileID: 0}
  m_GameObject: {fileID: 1620595004739609141}
  m_Material: {fileID: 0}
  m_IsTrigger: 0
  m_Enabled: 1
  serializedVersion: 2
  m_Height: 6.454917
  m_Radius: 0.5
  m_SlopeLimit: 45
  m_StepOffset: 0.3
  m_SkinWidth: 0.08
  m_MinMoveDistance: 0.001
  m_Center: {x: 0, y: 3.2274585, z: 0}
--- !u!114 &5195217081688398351
MonoBehaviour:
  m_ObjectHideFlags: 0
  m_CorrespondingSourceObject: {fileID: 0}
  m_PrefabInstance: {fileID: 0}
  m_PrefabAsset: {fileID: 0}
  m_GameObject: {fileID: 1620595004739609141}
  m_Enabled: 1
  m_EditorHideFlags: 0
  m_Script: {fileID: 11500000, guid: 6f9a67c5726c9e0479a852cb0dd1d76a, type: 3}
  m_Name: 
  m_EditorClassIdentifier: 
  hitboxOffsetOrCharCenter: 0
  rotationAdjustment: {x: 0, y: 0, z: 0}
  animationMovementOffset: {x: 0, y: 0, z: 0}
--- !u!65 &4772081767237577023
BoxCollider:
  m_ObjectHideFlags: 0
  m_CorrespondingSourceObject: {fileID: 0}
  m_PrefabInstance: {fileID: 0}
  m_PrefabAsset: {fileID: 0}
  m_GameObject: {fileID: 1620595004739609359}
  m_Material: {fileID: 0}
  m_IsTrigger: 1
  m_Enabled: 1
  serializedVersion: 2
  m_Size: {x: 1, y: 6.454917, z: 1}
  m_Center: {x: 0, y: 3.2274585, z: 0}
--- !u!114 &2529592461430048016
MonoBehaviour:
  m_ObjectHideFlags: 0
  m_CorrespondingSourceObject: {fileID: 0}
  m_PrefabInstance: {fileID: 0}
  m_PrefabAsset: {fileID: 0}
  m_GameObject: {fileID: 1620595004739609359}
  m_Enabled: 1
  m_EditorHideFlags: 0
  m_Script: {fileID: 11500000, guid: 4375a45a171b8a8479472ef9c7ff2f79, type: 3}
  m_Name: 
  m_EditorClassIdentifier: 
  playerController: {fileID: 0}
  orderedHitPoints: []
  closestHitPoint: {fileID: 0}
  ellenDamageable: {fileID: 0}
--- !u!1 &8540694317108507205
GameObject:
  m_ObjectHideFlags: 0
  m_CorrespondingSourceObject: {fileID: 0}
  m_PrefabInstance: {fileID: 0}
  m_PrefabAsset: {fileID: 0}
  serializedVersion: 6
  m_Component:
  - component: {fileID: 7947189307944074637}
  - component: {fileID: 985513246696916473}
  - component: {fileID: 3463184753260958262}
  - component: {fileID: 6168496316068004336}
  m_Layer: 13
  m_Name: Shield(Clone)
  m_TagString: Untagged
  m_Icon: {fileID: 0}
  m_NavMeshLayer: 0
  m_StaticEditorFlags: 0
  m_IsActive: 1
--- !u!4 &7947189307944074637
Transform:
  m_ObjectHideFlags: 0
  m_CorrespondingSourceObject: {fileID: 0}
  m_PrefabInstance: {fileID: 0}
  m_PrefabAsset: {fileID: 0}
  m_GameObject: {fileID: 8540694317108507205}
  m_LocalRotation: {x: 0, y: 0, z: 0, w: 1}
  m_LocalPosition: {x: 0, y: 3.2274585, z: 0}
  m_LocalScale: {x: 9.040648, y: 9.040648, z: 9.040648}
  m_Children: []
  m_Father: {fileID: 1620595004739255829}
  m_RootOrder: 2
  m_LocalEulerAnglesHint: {x: 0, y: 0, z: 0}
--- !u!33 &985513246696916473
MeshFilter:
  m_ObjectHideFlags: 0
  m_CorrespondingSourceObject: {fileID: 0}
  m_PrefabInstance: {fileID: 0}
  m_PrefabAsset: {fileID: 0}
  m_GameObject: {fileID: 8540694317108507205}
  m_Mesh: {fileID: 10207, guid: 0000000000000000e000000000000000, type: 0}
--- !u!23 &3463184753260958262
MeshRenderer:
  m_ObjectHideFlags: 0
  m_CorrespondingSourceObject: {fileID: 0}
  m_PrefabInstance: {fileID: 0}
  m_PrefabAsset: {fileID: 0}
  m_GameObject: {fileID: 8540694317108507205}
  m_Enabled: 1
  m_CastShadows: 1
  m_ReceiveShadows: 1
  m_DynamicOccludee: 1
  m_MotionVectors: 1
  m_LightProbeUsage: 1
  m_ReflectionProbeUsage: 1
  m_RenderingLayerMask: 1
  m_RendererPriority: 0
  m_Materials:
  - {fileID: 2100000, guid: bd205874a3755d842a8f600a04b64902, type: 2}
  m_StaticBatchInfo:
    firstSubMesh: 0
    subMeshCount: 0
  m_StaticBatchRoot: {fileID: 0}
  m_ProbeAnchor: {fileID: 0}
  m_LightProbeVolumeOverride: {fileID: 0}
  m_ScaleInLightmap: 1
  m_PreserveUVs: 0
  m_IgnoreNormalsForChartDetection: 0
  m_ImportantGI: 0
  m_StitchLightmapSeams: 0
  m_SelectedEditorRenderState: 3
  m_MinimumChartSize: 4
  m_AutoUVMaxDistance: 0.5
  m_AutoUVMaxAngle: 89
  m_LightmapParameters: {fileID: 0}
  m_SortingLayerID: 0
  m_SortingLayer: 0
  m_SortingOrder: 0
--- !u!114 &6168496316068004336
MonoBehaviour:
  m_ObjectHideFlags: 0
  m_CorrespondingSourceObject: {fileID: 0}
  m_PrefabInstance: {fileID: 0}
  m_PrefabAsset: {fileID: 0}
  m_GameObject: {fileID: 8540694317108507205}
  m_Enabled: 1
  m_EditorHideFlags: 0
  m_Script: {fileID: 11500000, guid: aa827c3098199fb49995591308573f71, type: 3}
  m_Name: 
  m_EditorClassIdentifier: 
  playerController: {fileID: 0}
  shieldHealth: 0
--- !u!1001 &1620595004739642561
PrefabInstance:
  m_ObjectHideFlags: 0
  serializedVersion: 2
  m_Modification:
    m_TransformParent: {fileID: 0}
    m_Modifications:
    - target: {fileID: 100084, guid: 67bcbe23f6acda34794e05cdd8c6f0c6, type: 3}
      propertyPath: m_Name
      value: Hulk
      objectReference: {fileID: 0}
    - target: {fileID: 100084, guid: 67bcbe23f6acda34794e05cdd8c6f0c6, type: 3}
      propertyPath: m_Layer
      value: 13
      objectReference: {fileID: 0}
    - target: {fileID: 100000, guid: 67bcbe23f6acda34794e05cdd8c6f0c6, type: 3}
      propertyPath: m_Layer
      value: 13
      objectReference: {fileID: 0}
    - target: {fileID: 100002, guid: 67bcbe23f6acda34794e05cdd8c6f0c6, type: 3}
      propertyPath: m_Layer
      value: 13
      objectReference: {fileID: 0}
    - target: {fileID: 100004, guid: 67bcbe23f6acda34794e05cdd8c6f0c6, type: 3}
      propertyPath: m_Layer
      value: 13
      objectReference: {fileID: 0}
    - target: {fileID: 100006, guid: 67bcbe23f6acda34794e05cdd8c6f0c6, type: 3}
      propertyPath: m_Layer
      value: 13
      objectReference: {fileID: 0}
    - target: {fileID: 100008, guid: 67bcbe23f6acda34794e05cdd8c6f0c6, type: 3}
      propertyPath: m_Layer
      value: 13
      objectReference: {fileID: 0}
    - target: {fileID: 100010, guid: 67bcbe23f6acda34794e05cdd8c6f0c6, type: 3}
      propertyPath: m_Layer
      value: 13
      objectReference: {fileID: 0}
    - target: {fileID: 100012, guid: 67bcbe23f6acda34794e05cdd8c6f0c6, type: 3}
      propertyPath: m_Layer
      value: 13
      objectReference: {fileID: 0}
    - target: {fileID: 100014, guid: 67bcbe23f6acda34794e05cdd8c6f0c6, type: 3}
      propertyPath: m_Layer
      value: 13
      objectReference: {fileID: 0}
    - target: {fileID: 100016, guid: 67bcbe23f6acda34794e05cdd8c6f0c6, type: 3}
      propertyPath: m_Layer
      value: 13
      objectReference: {fileID: 0}
    - target: {fileID: 100018, guid: 67bcbe23f6acda34794e05cdd8c6f0c6, type: 3}
      propertyPath: m_Layer
      value: 13
      objectReference: {fileID: 0}
    - target: {fileID: 100020, guid: 67bcbe23f6acda34794e05cdd8c6f0c6, type: 3}
      propertyPath: m_Layer
      value: 13
      objectReference: {fileID: 0}
    - target: {fileID: 100022, guid: 67bcbe23f6acda34794e05cdd8c6f0c6, type: 3}
      propertyPath: m_Layer
      value: 13
      objectReference: {fileID: 0}
    - target: {fileID: 100024, guid: 67bcbe23f6acda34794e05cdd8c6f0c6, type: 3}
      propertyPath: m_Layer
      value: 13
      objectReference: {fileID: 0}
    - target: {fileID: 100026, guid: 67bcbe23f6acda34794e05cdd8c6f0c6, type: 3}
      propertyPath: m_Layer
      value: 13
      objectReference: {fileID: 0}
    - target: {fileID: 100028, guid: 67bcbe23f6acda34794e05cdd8c6f0c6, type: 3}
      propertyPath: m_Layer
      value: 13
      objectReference: {fileID: 0}
    - target: {fileID: 100030, guid: 67bcbe23f6acda34794e05cdd8c6f0c6, type: 3}
      propertyPath: m_Layer
      value: 13
      objectReference: {fileID: 0}
    - target: {fileID: 100032, guid: 67bcbe23f6acda34794e05cdd8c6f0c6, type: 3}
      propertyPath: m_Layer
      value: 13
      objectReference: {fileID: 0}
    - target: {fileID: 100034, guid: 67bcbe23f6acda34794e05cdd8c6f0c6, type: 3}
      propertyPath: m_Layer
      value: 13
      objectReference: {fileID: 0}
    - target: {fileID: 100036, guid: 67bcbe23f6acda34794e05cdd8c6f0c6, type: 3}
      propertyPath: m_Layer
      value: 13
      objectReference: {fileID: 0}
    - target: {fileID: 100038, guid: 67bcbe23f6acda34794e05cdd8c6f0c6, type: 3}
      propertyPath: m_Layer
      value: 13
      objectReference: {fileID: 0}
    - target: {fileID: 100040, guid: 67bcbe23f6acda34794e05cdd8c6f0c6, type: 3}
      propertyPath: m_Layer
      value: 13
      objectReference: {fileID: 0}
    - target: {fileID: 100042, guid: 67bcbe23f6acda34794e05cdd8c6f0c6, type: 3}
      propertyPath: m_Layer
      value: 13
      objectReference: {fileID: 0}
    - target: {fileID: 100044, guid: 67bcbe23f6acda34794e05cdd8c6f0c6, type: 3}
      propertyPath: m_Layer
      value: 13
      objectReference: {fileID: 0}
    - target: {fileID: 100046, guid: 67bcbe23f6acda34794e05cdd8c6f0c6, type: 3}
      propertyPath: m_Layer
      value: 13
      objectReference: {fileID: 0}
    - target: {fileID: 100048, guid: 67bcbe23f6acda34794e05cdd8c6f0c6, type: 3}
      propertyPath: m_Layer
      value: 13
      objectReference: {fileID: 0}
    - target: {fileID: 100050, guid: 67bcbe23f6acda34794e05cdd8c6f0c6, type: 3}
      propertyPath: m_Layer
      value: 13
      objectReference: {fileID: 0}
    - target: {fileID: 100052, guid: 67bcbe23f6acda34794e05cdd8c6f0c6, type: 3}
      propertyPath: m_Layer
      value: 13
      objectReference: {fileID: 0}
    - target: {fileID: 100054, guid: 67bcbe23f6acda34794e05cdd8c6f0c6, type: 3}
      propertyPath: m_Layer
      value: 13
      objectReference: {fileID: 0}
    - target: {fileID: 100056, guid: 67bcbe23f6acda34794e05cdd8c6f0c6, type: 3}
      propertyPath: m_Layer
      value: 13
      objectReference: {fileID: 0}
    - target: {fileID: 100058, guid: 67bcbe23f6acda34794e05cdd8c6f0c6, type: 3}
      propertyPath: m_Layer
      value: 13
      objectReference: {fileID: 0}
    - target: {fileID: 100060, guid: 67bcbe23f6acda34794e05cdd8c6f0c6, type: 3}
      propertyPath: m_Layer
      value: 13
      objectReference: {fileID: 0}
    - target: {fileID: 100062, guid: 67bcbe23f6acda34794e05cdd8c6f0c6, type: 3}
      propertyPath: m_Layer
      value: 13
      objectReference: {fileID: 0}
    - target: {fileID: 100064, guid: 67bcbe23f6acda34794e05cdd8c6f0c6, type: 3}
      propertyPath: m_Layer
      value: 13
      objectReference: {fileID: 0}
    - target: {fileID: 100066, guid: 67bcbe23f6acda34794e05cdd8c6f0c6, type: 3}
      propertyPath: m_Layer
      value: 13
      objectReference: {fileID: 0}
    - target: {fileID: 100068, guid: 67bcbe23f6acda34794e05cdd8c6f0c6, type: 3}
      propertyPath: m_Layer
      value: 13
      objectReference: {fileID: 0}
    - target: {fileID: 100070, guid: 67bcbe23f6acda34794e05cdd8c6f0c6, type: 3}
      propertyPath: m_Layer
      value: 13
      objectReference: {fileID: 0}
    - target: {fileID: 100072, guid: 67bcbe23f6acda34794e05cdd8c6f0c6, type: 3}
      propertyPath: m_Layer
      value: 13
      objectReference: {fileID: 0}
    - target: {fileID: 100074, guid: 67bcbe23f6acda34794e05cdd8c6f0c6, type: 3}
      propertyPath: m_Layer
      value: 13
      objectReference: {fileID: 0}
    - target: {fileID: 100076, guid: 67bcbe23f6acda34794e05cdd8c6f0c6, type: 3}
      propertyPath: m_Layer
      value: 13
      objectReference: {fileID: 0}
    - target: {fileID: 100078, guid: 67bcbe23f6acda34794e05cdd8c6f0c6, type: 3}
      propertyPath: m_Layer
      value: 13
      objectReference: {fileID: 0}
    - target: {fileID: 100080, guid: 67bcbe23f6acda34794e05cdd8c6f0c6, type: 3}
      propertyPath: m_Layer
      value: 13
      objectReference: {fileID: 0}
    - target: {fileID: 100082, guid: 67bcbe23f6acda34794e05cdd8c6f0c6, type: 3}
      propertyPath: m_Layer
      value: 13
      objectReference: {fileID: 0}
    - target: {fileID: 100086, guid: 67bcbe23f6acda34794e05cdd8c6f0c6, type: 3}
      propertyPath: m_Layer
      value: 13
      objectReference: {fileID: 0}
    - target: {fileID: 100088, guid: 67bcbe23f6acda34794e05cdd8c6f0c6, type: 3}
      propertyPath: m_Layer
      value: 13
      objectReference: {fileID: 0}
    - target: {fileID: 100090, guid: 67bcbe23f6acda34794e05cdd8c6f0c6, type: 3}
      propertyPath: m_Layer
      value: 13
      objectReference: {fileID: 0}
    - target: {fileID: 100092, guid: 67bcbe23f6acda34794e05cdd8c6f0c6, type: 3}
      propertyPath: m_Layer
      value: 13
      objectReference: {fileID: 0}
    - target: {fileID: 100094, guid: 67bcbe23f6acda34794e05cdd8c6f0c6, type: 3}
      propertyPath: m_Layer
      value: 13
      objectReference: {fileID: 0}
    - target: {fileID: 100096, guid: 67bcbe23f6acda34794e05cdd8c6f0c6, type: 3}
      propertyPath: m_Layer
      value: 13
      objectReference: {fileID: 0}
    - target: {fileID: 100098, guid: 67bcbe23f6acda34794e05cdd8c6f0c6, type: 3}
      propertyPath: m_Layer
      value: 13
      objectReference: {fileID: 0}
    - target: {fileID: 100100, guid: 67bcbe23f6acda34794e05cdd8c6f0c6, type: 3}
      propertyPath: m_Layer
      value: 13
      objectReference: {fileID: 0}
    - target: {fileID: 100102, guid: 67bcbe23f6acda34794e05cdd8c6f0c6, type: 3}
      propertyPath: m_Layer
      value: 13
      objectReference: {fileID: 0}
    - target: {fileID: 100104, guid: 67bcbe23f6acda34794e05cdd8c6f0c6, type: 3}
      propertyPath: m_Layer
      value: 13
      objectReference: {fileID: 0}
    - target: {fileID: 100106, guid: 67bcbe23f6acda34794e05cdd8c6f0c6, type: 3}
      propertyPath: m_Layer
      value: 13
      objectReference: {fileID: 0}
    - target: {fileID: 100108, guid: 67bcbe23f6acda34794e05cdd8c6f0c6, type: 3}
      propertyPath: m_Layer
      value: 13
      objectReference: {fileID: 0}
    - target: {fileID: 100110, guid: 67bcbe23f6acda34794e05cdd8c6f0c6, type: 3}
      propertyPath: m_Layer
      value: 13
      objectReference: {fileID: 0}
    - target: {fileID: 100112, guid: 67bcbe23f6acda34794e05cdd8c6f0c6, type: 3}
      propertyPath: m_Layer
      value: 13
      objectReference: {fileID: 0}
    - target: {fileID: 100114, guid: 67bcbe23f6acda34794e05cdd8c6f0c6, type: 3}
      propertyPath: m_Layer
      value: 13
      objectReference: {fileID: 0}
    - target: {fileID: 100116, guid: 67bcbe23f6acda34794e05cdd8c6f0c6, type: 3}
      propertyPath: m_Layer
      value: 13
      objectReference: {fileID: 0}
    - target: {fileID: 100118, guid: 67bcbe23f6acda34794e05cdd8c6f0c6, type: 3}
      propertyPath: m_Layer
      value: 13
      objectReference: {fileID: 0}
    - target: {fileID: 100120, guid: 67bcbe23f6acda34794e05cdd8c6f0c6, type: 3}
      propertyPath: m_Layer
      value: 13
      objectReference: {fileID: 0}
    - target: {fileID: 100122, guid: 67bcbe23f6acda34794e05cdd8c6f0c6, type: 3}
      propertyPath: m_Layer
      value: 13
      objectReference: {fileID: 0}
    - target: {fileID: 100124, guid: 67bcbe23f6acda34794e05cdd8c6f0c6, type: 3}
      propertyPath: m_Layer
      value: 13
      objectReference: {fileID: 0}
    - target: {fileID: 100126, guid: 67bcbe23f6acda34794e05cdd8c6f0c6, type: 3}
      propertyPath: m_Layer
      value: 13
      objectReference: {fileID: 0}
    - target: {fileID: 100128, guid: 67bcbe23f6acda34794e05cdd8c6f0c6, type: 3}
      propertyPath: m_Layer
      value: 13
      objectReference: {fileID: 0}
    - target: {fileID: 100130, guid: 67bcbe23f6acda34794e05cdd8c6f0c6, type: 3}
      propertyPath: m_Layer
      value: 13
      objectReference: {fileID: 0}
    - target: {fileID: 100132, guid: 67bcbe23f6acda34794e05cdd8c6f0c6, type: 3}
      propertyPath: m_Layer
      value: 13
      objectReference: {fileID: 0}
    - target: {fileID: 100134, guid: 67bcbe23f6acda34794e05cdd8c6f0c6, type: 3}
      propertyPath: m_Layer
      value: 13
      objectReference: {fileID: 0}
    - target: {fileID: 100136, guid: 67bcbe23f6acda34794e05cdd8c6f0c6, type: 3}
      propertyPath: m_Layer
      value: 13
      objectReference: {fileID: 0}
    - target: {fileID: 100138, guid: 67bcbe23f6acda34794e05cdd8c6f0c6, type: 3}
      propertyPath: m_Layer
      value: 13
      objectReference: {fileID: 0}
    - target: {fileID: 100140, guid: 67bcbe23f6acda34794e05cdd8c6f0c6, type: 3}
      propertyPath: m_Layer
      value: 13
      objectReference: {fileID: 0}
    - target: {fileID: 100142, guid: 67bcbe23f6acda34794e05cdd8c6f0c6, type: 3}
      propertyPath: m_Layer
      value: 13
      objectReference: {fileID: 0}
    - target: {fileID: 100144, guid: 67bcbe23f6acda34794e05cdd8c6f0c6, type: 3}
      propertyPath: m_Layer
      value: 13
      objectReference: {fileID: 0}
    - target: {fileID: 100146, guid: 67bcbe23f6acda34794e05cdd8c6f0c6, type: 3}
      propertyPath: m_Layer
      value: 13
      objectReference: {fileID: 0}
    - target: {fileID: 100148, guid: 67bcbe23f6acda34794e05cdd8c6f0c6, type: 3}
      propertyPath: m_Layer
      value: 13
      objectReference: {fileID: 0}
    - target: {fileID: 100150, guid: 67bcbe23f6acda34794e05cdd8c6f0c6, type: 3}
      propertyPath: m_Layer
      value: 13
      objectReference: {fileID: 0}
    - target: {fileID: 100152, guid: 67bcbe23f6acda34794e05cdd8c6f0c6, type: 3}
      propertyPath: m_Layer
      value: 13
      objectReference: {fileID: 0}
    - target: {fileID: 100154, guid: 67bcbe23f6acda34794e05cdd8c6f0c6, type: 3}
      propertyPath: m_Layer
      value: 13
      objectReference: {fileID: 0}
    - target: {fileID: 100156, guid: 67bcbe23f6acda34794e05cdd8c6f0c6, type: 3}
      propertyPath: m_Layer
      value: 13
      objectReference: {fileID: 0}
    - target: {fileID: 100158, guid: 67bcbe23f6acda34794e05cdd8c6f0c6, type: 3}
      propertyPath: m_Layer
      value: 13
      objectReference: {fileID: 0}
    - target: {fileID: 100160, guid: 67bcbe23f6acda34794e05cdd8c6f0c6, type: 3}
      propertyPath: m_Layer
      value: 13
      objectReference: {fileID: 0}
    - target: {fileID: 100162, guid: 67bcbe23f6acda34794e05cdd8c6f0c6, type: 3}
      propertyPath: m_Layer
      value: 13
      objectReference: {fileID: 0}
    - target: {fileID: 100164, guid: 67bcbe23f6acda34794e05cdd8c6f0c6, type: 3}
      propertyPath: m_Layer
      value: 13
      objectReference: {fileID: 0}
    - target: {fileID: 100166, guid: 67bcbe23f6acda34794e05cdd8c6f0c6, type: 3}
      propertyPath: m_Layer
      value: 13
      objectReference: {fileID: 0}
    - target: {fileID: 100168, guid: 67bcbe23f6acda34794e05cdd8c6f0c6, type: 3}
      propertyPath: m_Layer
      value: 13
      objectReference: {fileID: 0}
    - target: {fileID: 100170, guid: 67bcbe23f6acda34794e05cdd8c6f0c6, type: 3}
      propertyPath: m_Layer
      value: 13
      objectReference: {fileID: 0}
    - target: {fileID: 100172, guid: 67bcbe23f6acda34794e05cdd8c6f0c6, type: 3}
      propertyPath: m_Layer
      value: 13
      objectReference: {fileID: 0}
    - target: {fileID: 100174, guid: 67bcbe23f6acda34794e05cdd8c6f0c6, type: 3}
      propertyPath: m_Layer
      value: 13
      objectReference: {fileID: 0}
    - target: {fileID: 100176, guid: 67bcbe23f6acda34794e05cdd8c6f0c6, type: 3}
      propertyPath: m_Layer
      value: 13
      objectReference: {fileID: 0}
    - target: {fileID: 100178, guid: 67bcbe23f6acda34794e05cdd8c6f0c6, type: 3}
      propertyPath: m_Layer
      value: 13
      objectReference: {fileID: 0}
    - target: {fileID: 100180, guid: 67bcbe23f6acda34794e05cdd8c6f0c6, type: 3}
      propertyPath: m_Layer
      value: 13
      objectReference: {fileID: 0}
    - target: {fileID: 100182, guid: 67bcbe23f6acda34794e05cdd8c6f0c6, type: 3}
      propertyPath: m_Layer
      value: 13
      objectReference: {fileID: 0}
    - target: {fileID: 100184, guid: 67bcbe23f6acda34794e05cdd8c6f0c6, type: 3}
      propertyPath: m_Layer
      value: 13
      objectReference: {fileID: 0}
    - target: {fileID: 100186, guid: 67bcbe23f6acda34794e05cdd8c6f0c6, type: 3}
      propertyPath: m_Layer
      value: 13
      objectReference: {fileID: 0}
    - target: {fileID: 100188, guid: 67bcbe23f6acda34794e05cdd8c6f0c6, type: 3}
      propertyPath: m_Layer
      value: 13
      objectReference: {fileID: 0}
    - target: {fileID: 100190, guid: 67bcbe23f6acda34794e05cdd8c6f0c6, type: 3}
      propertyPath: m_Layer
      value: 13
      objectReference: {fileID: 0}
    - target: {fileID: 100192, guid: 67bcbe23f6acda34794e05cdd8c6f0c6, type: 3}
      propertyPath: m_Layer
      value: 13
      objectReference: {fileID: 0}
    - target: {fileID: 100194, guid: 67bcbe23f6acda34794e05cdd8c6f0c6, type: 3}
      propertyPath: m_Layer
      value: 13
      objectReference: {fileID: 0}
    - target: {fileID: 100196, guid: 67bcbe23f6acda34794e05cdd8c6f0c6, type: 3}
      propertyPath: m_Layer
      value: 13
      objectReference: {fileID: 0}
    - target: {fileID: 100198, guid: 67bcbe23f6acda34794e05cdd8c6f0c6, type: 3}
      propertyPath: m_Layer
      value: 13
      objectReference: {fileID: 0}
    - target: {fileID: 100200, guid: 67bcbe23f6acda34794e05cdd8c6f0c6, type: 3}
      propertyPath: m_Layer
      value: 13
      objectReference: {fileID: 0}
    - target: {fileID: 100202, guid: 67bcbe23f6acda34794e05cdd8c6f0c6, type: 3}
      propertyPath: m_Layer
      value: 13
      objectReference: {fileID: 0}
    - target: {fileID: 100204, guid: 67bcbe23f6acda34794e05cdd8c6f0c6, type: 3}
      propertyPath: m_Layer
      value: 13
      objectReference: {fileID: 0}
    - target: {fileID: 100206, guid: 67bcbe23f6acda34794e05cdd8c6f0c6, type: 3}
      propertyPath: m_Layer
      value: 13
      objectReference: {fileID: 0}
    - target: {fileID: 100208, guid: 67bcbe23f6acda34794e05cdd8c6f0c6, type: 3}
      propertyPath: m_Layer
      value: 13
      objectReference: {fileID: 0}
    - target: {fileID: 100210, guid: 67bcbe23f6acda34794e05cdd8c6f0c6, type: 3}
      propertyPath: m_Layer
      value: 13
      objectReference: {fileID: 0}
    - target: {fileID: 100212, guid: 67bcbe23f6acda34794e05cdd8c6f0c6, type: 3}
      propertyPath: m_Layer
      value: 13
      objectReference: {fileID: 0}
    - target: {fileID: 100214, guid: 67bcbe23f6acda34794e05cdd8c6f0c6, type: 3}
      propertyPath: m_Layer
      value: 13
      objectReference: {fileID: 0}
    - target: {fileID: 100216, guid: 67bcbe23f6acda34794e05cdd8c6f0c6, type: 3}
      propertyPath: m_Layer
      value: 13
      objectReference: {fileID: 0}
    - target: {fileID: 100218, guid: 67bcbe23f6acda34794e05cdd8c6f0c6, type: 3}
      propertyPath: m_Layer
      value: 13
      objectReference: {fileID: 0}
    - target: {fileID: 100220, guid: 67bcbe23f6acda34794e05cdd8c6f0c6, type: 3}
      propertyPath: m_Layer
      value: 13
      objectReference: {fileID: 0}
    - target: {fileID: 100222, guid: 67bcbe23f6acda34794e05cdd8c6f0c6, type: 3}
      propertyPath: m_Layer
      value: 13
      objectReference: {fileID: 0}
    - target: {fileID: 100224, guid: 67bcbe23f6acda34794e05cdd8c6f0c6, type: 3}
      propertyPath: m_Layer
      value: 13
      objectReference: {fileID: 0}
    - target: {fileID: 100226, guid: 67bcbe23f6acda34794e05cdd8c6f0c6, type: 3}
      propertyPath: m_Layer
      value: 13
      objectReference: {fileID: 0}
    - target: {fileID: 100228, guid: 67bcbe23f6acda34794e05cdd8c6f0c6, type: 3}
      propertyPath: m_Layer
      value: 13
      objectReference: {fileID: 0}
    - target: {fileID: 100230, guid: 67bcbe23f6acda34794e05cdd8c6f0c6, type: 3}
      propertyPath: m_Layer
      value: 13
      objectReference: {fileID: 0}
    - target: {fileID: 100232, guid: 67bcbe23f6acda34794e05cdd8c6f0c6, type: 3}
      propertyPath: m_Layer
      value: 13
      objectReference: {fileID: 0}
    - target: {fileID: 100234, guid: 67bcbe23f6acda34794e05cdd8c6f0c6, type: 3}
      propertyPath: m_Layer
      value: 13
      objectReference: {fileID: 0}
    - target: {fileID: 100236, guid: 67bcbe23f6acda34794e05cdd8c6f0c6, type: 3}
      propertyPath: m_Layer
      value: 13
      objectReference: {fileID: 0}
    - target: {fileID: 100238, guid: 67bcbe23f6acda34794e05cdd8c6f0c6, type: 3}
      propertyPath: m_Layer
      value: 13
      objectReference: {fileID: 0}
    - target: {fileID: 100240, guid: 67bcbe23f6acda34794e05cdd8c6f0c6, type: 3}
      propertyPath: m_Layer
      value: 13
      objectReference: {fileID: 0}
    - target: {fileID: 100242, guid: 67bcbe23f6acda34794e05cdd8c6f0c6, type: 3}
      propertyPath: m_Layer
      value: 13
      objectReference: {fileID: 0}
    - target: {fileID: 100244, guid: 67bcbe23f6acda34794e05cdd8c6f0c6, type: 3}
      propertyPath: m_Layer
      value: 13
      objectReference: {fileID: 0}
    - target: {fileID: 100246, guid: 67bcbe23f6acda34794e05cdd8c6f0c6, type: 3}
      propertyPath: m_Layer
      value: 13
      objectReference: {fileID: 0}
    - target: {fileID: 100248, guid: 67bcbe23f6acda34794e05cdd8c6f0c6, type: 3}
      propertyPath: m_Layer
      value: 13
      objectReference: {fileID: 0}
    - target: {fileID: 100250, guid: 67bcbe23f6acda34794e05cdd8c6f0c6, type: 3}
      propertyPath: m_Layer
      value: 13
      objectReference: {fileID: 0}
    - target: {fileID: 100252, guid: 67bcbe23f6acda34794e05cdd8c6f0c6, type: 3}
      propertyPath: m_Layer
      value: 13
      objectReference: {fileID: 0}
    - target: {fileID: 100254, guid: 67bcbe23f6acda34794e05cdd8c6f0c6, type: 3}
      propertyPath: m_Layer
      value: 13
      objectReference: {fileID: 0}
    - target: {fileID: 100256, guid: 67bcbe23f6acda34794e05cdd8c6f0c6, type: 3}
      propertyPath: m_Layer
      value: 13
      objectReference: {fileID: 0}
    - target: {fileID: 100258, guid: 67bcbe23f6acda34794e05cdd8c6f0c6, type: 3}
      propertyPath: m_Layer
      value: 13
      objectReference: {fileID: 0}
    - target: {fileID: 100260, guid: 67bcbe23f6acda34794e05cdd8c6f0c6, type: 3}
      propertyPath: m_Layer
      value: 13
      objectReference: {fileID: 0}
    - target: {fileID: 100262, guid: 67bcbe23f6acda34794e05cdd8c6f0c6, type: 3}
      propertyPath: m_Layer
      value: 13
      objectReference: {fileID: 0}
    - target: {fileID: 100264, guid: 67bcbe23f6acda34794e05cdd8c6f0c6, type: 3}
      propertyPath: m_Layer
      value: 13
      objectReference: {fileID: 0}
    - target: {fileID: 100266, guid: 67bcbe23f6acda34794e05cdd8c6f0c6, type: 3}
      propertyPath: m_Layer
      value: 13
      objectReference: {fileID: 0}
    - target: {fileID: 100268, guid: 67bcbe23f6acda34794e05cdd8c6f0c6, type: 3}
      propertyPath: m_Layer
      value: 13
      objectReference: {fileID: 0}
    - target: {fileID: 100270, guid: 67bcbe23f6acda34794e05cdd8c6f0c6, type: 3}
      propertyPath: m_Layer
      value: 13
      objectReference: {fileID: 0}
    - target: {fileID: 100272, guid: 67bcbe23f6acda34794e05cdd8c6f0c6, type: 3}
      propertyPath: m_Layer
      value: 13
      objectReference: {fileID: 0}
    - target: {fileID: 100274, guid: 67bcbe23f6acda34794e05cdd8c6f0c6, type: 3}
      propertyPath: m_Layer
      value: 13
      objectReference: {fileID: 0}
    - target: {fileID: 100276, guid: 67bcbe23f6acda34794e05cdd8c6f0c6, type: 3}
      propertyPath: m_Layer
      value: 13
      objectReference: {fileID: 0}
    - target: {fileID: 100278, guid: 67bcbe23f6acda34794e05cdd8c6f0c6, type: 3}
      propertyPath: m_Layer
      value: 13
      objectReference: {fileID: 0}
    - target: {fileID: 100280, guid: 67bcbe23f6acda34794e05cdd8c6f0c6, type: 3}
      propertyPath: m_Layer
      value: 13
      objectReference: {fileID: 0}
    - target: {fileID: 100282, guid: 67bcbe23f6acda34794e05cdd8c6f0c6, type: 3}
      propertyPath: m_Layer
      value: 13
      objectReference: {fileID: 0}
    - target: {fileID: 100284, guid: 67bcbe23f6acda34794e05cdd8c6f0c6, type: 3}
      propertyPath: m_Layer
      value: 13
      objectReference: {fileID: 0}
    - target: {fileID: 100286, guid: 67bcbe23f6acda34794e05cdd8c6f0c6, type: 3}
      propertyPath: m_Layer
      value: 13
      objectReference: {fileID: 0}
    - target: {fileID: 100288, guid: 67bcbe23f6acda34794e05cdd8c6f0c6, type: 3}
      propertyPath: m_Layer
      value: 13
      objectReference: {fileID: 0}
    - target: {fileID: 100290, guid: 67bcbe23f6acda34794e05cdd8c6f0c6, type: 3}
      propertyPath: m_Layer
      value: 13
      objectReference: {fileID: 0}
    - target: {fileID: 100292, guid: 67bcbe23f6acda34794e05cdd8c6f0c6, type: 3}
      propertyPath: m_Layer
      value: 13
      objectReference: {fileID: 0}
    - target: {fileID: 100294, guid: 67bcbe23f6acda34794e05cdd8c6f0c6, type: 3}
      propertyPath: m_Layer
      value: 13
      objectReference: {fileID: 0}
    - target: {fileID: 100296, guid: 67bcbe23f6acda34794e05cdd8c6f0c6, type: 3}
      propertyPath: m_Layer
      value: 13
      objectReference: {fileID: 0}
    - target: {fileID: 100298, guid: 67bcbe23f6acda34794e05cdd8c6f0c6, type: 3}
      propertyPath: m_Layer
      value: 13
      objectReference: {fileID: 0}
    - target: {fileID: 100300, guid: 67bcbe23f6acda34794e05cdd8c6f0c6, type: 3}
      propertyPath: m_Layer
      value: 13
      objectReference: {fileID: 0}
    - target: {fileID: 100302, guid: 67bcbe23f6acda34794e05cdd8c6f0c6, type: 3}
      propertyPath: m_Layer
      value: 13
      objectReference: {fileID: 0}
    - target: {fileID: 100304, guid: 67bcbe23f6acda34794e05cdd8c6f0c6, type: 3}
      propertyPath: m_Layer
      value: 13
      objectReference: {fileID: 0}
    - target: {fileID: 400084, guid: 67bcbe23f6acda34794e05cdd8c6f0c6, type: 3}
      propertyPath: m_LocalPosition.x
      value: 0
      objectReference: {fileID: 0}
    - target: {fileID: 400084, guid: 67bcbe23f6acda34794e05cdd8c6f0c6, type: 3}
      propertyPath: m_LocalPosition.y
      value: 0
      objectReference: {fileID: 0}
    - target: {fileID: 400084, guid: 67bcbe23f6acda34794e05cdd8c6f0c6, type: 3}
      propertyPath: m_LocalPosition.z
      value: 0
      objectReference: {fileID: 0}
    - target: {fileID: 400084, guid: 67bcbe23f6acda34794e05cdd8c6f0c6, type: 3}
      propertyPath: m_LocalRotation.x
      value: 0
      objectReference: {fileID: 0}
    - target: {fileID: 400084, guid: 67bcbe23f6acda34794e05cdd8c6f0c6, type: 3}
      propertyPath: m_LocalRotation.y
      value: 0
      objectReference: {fileID: 0}
    - target: {fileID: 400084, guid: 67bcbe23f6acda34794e05cdd8c6f0c6, type: 3}
      propertyPath: m_LocalRotation.z
      value: 0
      objectReference: {fileID: 0}
    - target: {fileID: 400084, guid: 67bcbe23f6acda34794e05cdd8c6f0c6, type: 3}
      propertyPath: m_LocalRotation.w
      value: 1
      objectReference: {fileID: 0}
    - target: {fileID: 400084, guid: 67bcbe23f6acda34794e05cdd8c6f0c6, type: 3}
      propertyPath: m_RootOrder
      value: 0
      objectReference: {fileID: 0}
    - target: {fileID: 400084, guid: 67bcbe23f6acda34794e05cdd8c6f0c6, type: 3}
      propertyPath: m_LocalEulerAnglesHint.x
      value: 0
      objectReference: {fileID: 0}
    - target: {fileID: 400084, guid: 67bcbe23f6acda34794e05cdd8c6f0c6, type: 3}
      propertyPath: m_LocalEulerAnglesHint.y
      value: 0
      objectReference: {fileID: 0}
    - target: {fileID: 400084, guid: 67bcbe23f6acda34794e05cdd8c6f0c6, type: 3}
      propertyPath: m_LocalEulerAnglesHint.z
      value: 0
      objectReference: {fileID: 0}
    - target: {fileID: 400084, guid: 67bcbe23f6acda34794e05cdd8c6f0c6, type: 3}
      propertyPath: m_LocalScale.x
      value: 0.34093648
      objectReference: {fileID: 0}
    - target: {fileID: 400084, guid: 67bcbe23f6acda34794e05cdd8c6f0c6, type: 3}
      propertyPath: m_LocalScale.y
      value: 0.34093648
      objectReference: {fileID: 0}
    - target: {fileID: 400084, guid: 67bcbe23f6acda34794e05cdd8c6f0c6, type: 3}
      propertyPath: m_LocalScale.z
      value: 0.34093648
      objectReference: {fileID: 0}
    m_RemovedComponents:
    - {fileID: 9500000, guid: 67bcbe23f6acda34794e05cdd8c6f0c6, type: 3}
  m_SourcePrefab: {fileID: 100100000, guid: 67bcbe23f6acda34794e05cdd8c6f0c6, type: 3}
--- !u!1 &1620595004739609141 stripped
GameObject:
  m_CorrespondingSourceObject: {fileID: 100084, guid: 67bcbe23f6acda34794e05cdd8c6f0c6,
    type: 3}
  m_PrefabInstance: {fileID: 1620595004739642561}
  m_PrefabAsset: {fileID: 0}
--- !u!4 &1620595004739255829 stripped
Transform:
  m_CorrespondingSourceObject: {fileID: 400084, guid: 67bcbe23f6acda34794e05cdd8c6f0c6,
    type: 3}
  m_PrefabInstance: {fileID: 1620595004739642561}
  m_PrefabAsset: {fileID: 0}
--- !u!1 &1620595004739609359 stripped
GameObject:
  m_CorrespondingSourceObject: {fileID: 100302, guid: 67bcbe23f6acda34794e05cdd8c6f0c6,
    type: 3}
  m_PrefabInstance: {fileID: 1620595004739642561}
  m_PrefabAsset: {fileID: 0}
